<?xml version="1.0" encoding="UTF-8"?><collection xmlns="http://www.loc.gov/MARC21/slim"><record><leader>00378nam--2200133-i-4500</leader><controlfield tag="001">000034039</controlfield><controlfield tag="002">20161230</controlfield><controlfield tag="005">20161230201039</controlfield><controlfield tag="008">060222s1000------------r-----000-0-eng-d</controlfield><datafield ind1=" " ind2=" " tag="080"><subfield code="a">616.7:539.12.047</subfield></datafield><datafield ind1=" " ind2=" " tag="100"><subfield code="a">Moss, A.J., Dalrymple, Glenn V.And Boyd, Charles M</subfield></datafield><datafield ind1=" " ind2=" " tag="245"><subfield code="a">Practical radioimmunoassay</subfield></datafield><datafield ind1=" " ind2=" " tag="260"><subfield code="a">Saint Louis, The C.V.Mosby Co., 1976, Ix + 158p</subfield></datafield><datafield ind1=" " ind2=" " tag="852"><subfield code="a">49035</subfield></datafield></record></collection>